@misc{react_docs,
    title = "React Documentation",
    url = "https://reactjs.org/"
}

@misc{react_wiki,
    title = "React Wikipedia",
    url = "https://en.wikipedia.org/wiki/React_(web_framework)"
}

@misc{python_docs,
    title = "Python Documentation",
    url = "https://docs.python.org/3/"
}

@misc{flask_docs,
    title = "Flask Documentation",
    url = "https://flask.palletsprojects.com/en/1.1.x/"
}

@misc{firebase_docs,
    title = "Firebase Documentation",
    url = "https://firebase.google.com/docs/?gclid=CjwKCAjwnIr1BRAWEiwA6GpwNTqfEidzPDw4DoKA1aRz-4Vl1CzYzObF9aLjgHEaZuHQYqN-LSDraRoCTIoQAvD_BwE"
}

@misc{mongo_docs,
    title = "MongoDB Documentation",
    url = "https://docs.mongodb.com/"
}

@misc{mlab_docs,
    title = "MLab Documentation",
    url = "https://docs.mlab.com/"
}

@misc{sorting_1,
    title = "Clement Mihailescu's Sorting Visualizer",
    author = "Clement Mihailescu",
    url = "https://clementmihailescu.github.io/Sorting-Visualizer/"
}

@misc{sorting_2,
    title = "VisuAlgo's Sorting Visualizer",
    author = "VisuAlgo.net",
    url = "https://visualgo.net/bn/sorting?slide=1"
}

@misc{sorting_3,
    title = "University of San Francisco's Sorting Visualizer",
    author = "University of San Francisco",
    url = "https://www.cs.usfca.edu/~galles/visualization/ComparisonSort.html"
}

@misc{sorting_howto,
    title = "How to create a sorting visualizer",
    url = "https://www.reddit.com/r/learnprogramming/comments/d0vdia/how_to_create_a_sorting_visualizer/"
}

@misc{frm_logreg,
    title = "React, Flask, and MongoDB Login and Registration",
    author = "ArjunAranetaCodes",
    url = "https://github.com/ArjunAranetaCodes/MoreCodes-Youtube/tree/master/react-flask-mongodb-login-reg"
}

@misc{sortalgs_guide,
    title = "A Guide To Sorting Algorithms in JavaScript",
    author = "Rajat S.",
    url = "https://blog.bitsrc.io/a-guide-to-sorting-algorithms-in-javascript-5b32da4eae1e"
}

@misc{firebase_listing,
    title = "Listing Files from Firebase Storage",
    url = "https://firebase.google.com/docs/storage/web/list-files"
}

@misc{sortal_build,
    title = "Building a Sort Algorithm with React and RxJS",
    url = "https://medium.com/@fiffty/building-a-sort-algorithm-visualizer-with-react-and-rxjs-9799f91e541b"
}

@misc{flask_pa,
    title = "Setting up Flask applications on PythonAnywhere",
    url = "https://help.pythonanywhere.com/pages/Flask/"
}

@misc{react_html_parser,
    title = "React HTML Parser",
    url = "https://github.com/wrakky/react-html-parser"
}

@misc{screenflow,
    title = "Poor Man's ScreenFlow",
    author = "José M. Pérez", 
    url = "https://github.com/JMPerez/screenflow",
}

@misc{user_auth,
    title = "ReactJS + Flask + MongoDB User Authentication",
    url = "https://www.youtube.com/watch?v=jIbx9yOvJ08",
}

@misc{react_bar,
    title = "How To Build A Bar Graph With React",
    url = "https://medium.com/@ItsMeDannyZ/how-to-build-a-bar-graph-with-react-458a19ef0ba0",
}

@misc{file_uploader,
    title = "React Firebase File Uploader",
    url = "https://www.npmjs.com/package/react-firebase-file-uploader",
}